@article{лаврентьев2020использование,
  title={Использование технологии Windows forms для разработки информационных систем (на примере электронного журнала)},
  author={Лаврентьев, ДО and Белаш, ВЮ},
  journal={Вестник Калужского университета},
  number={4},
  pages={82--85},
  year={2020},
  publisher={ФБГОУ ВПО Калужский государственный университет им. КЭ Циолковского},
  language={russian}
}
@book{никлаус2022алгоритмы,
  title={Алгоритмы и структуры данных},
  author={Никлаус, Вирт},
  year={2022},
  publisher={Litres},
  language={russian}
}
@article{комракова2022приложение,
  title={Приложение Windows forms для формирования рейтинга и отзывов к японской мультипликации},
  author={Комракова, Евгения Владимировна and Лещун, Анна Сергеевна},
  year={2022},
  publisher={Наука и Просвещение},
  language={russian}
}
@book{ахо2000структуры,
  title={Структуры данных и алгоритмы},
  author={Ахо, Альфред В},
  year={2000},
  publisher={Издательский дом Вильямс},
  language={russian}
}
@book{лафоре2011объектно,
  title={Объектно-ориентированное программирование в С++},
  author={Лафоре, Роберт},
  year={2011},
  publisher={Питер},
  language={russian}
}
@misc{stroustrup2013c++,
  title={The C++ Programming Language},
  author={Stroustrup, Bjarne},
  year={2013},
  publisher={Addison-Wesley Professional}
}
@article{chang2021analysis,
  title={Analysis of Paint Messages with Multiple C++/CLI Controls},
  author={Chang, Gao-Wei},
  pages={138--141},
  year={2021},
  organization={IEEE}
}
@article{gladstone2022building,
  title={Building a C++/CLI Wrapper},
  author={Gladstone, Adam},
  pages={41--66},
  year={2022},
  publisher={Springer}
}
@article{kaiser2022c++,
  title={C++/CLI,. NET-Bibliotheken und C++ Interoperabilit{\"a}t},
  author={Kaiser, Richard},
  pages={937--974},
  year={2022},
  publisher={Springer}
}
@book{зиборов2011ms,
  title={MS Visual C++ 2010 в среде. NET. Библиотека программиста},
  author={Зиборов, Виктор Владимирович},
  year={2011},
  publisher={Издательский дом" Питер"},
  language={russian}
}
